<?xml version="1.0" encoding="UTF-8"?><collection xmlns="http://www.loc.gov/MARC21/slim"><record><leader>00352nam--2200121-i-4500</leader><controlfield tag="001">000008894</controlfield><controlfield tag="002">20161230</controlfield><controlfield tag="005">20161230201028</controlfield><controlfield tag="008">060222s1000------------r-----000-0-eng-d</controlfield><datafield ind1=" " ind2=" " tag="100"><subfield code="a">Caulton, Martin, Hemenway, Curtis L. And Henry Richard W</subfield></datafield><datafield ind1=" " ind2=" " tag="245"><subfield code="a">Physical electronics</subfield></datafield><datafield ind1=" " ind2=" " tag="260"><subfield code="a">New York, John Wiley And Sons, Inc., 1967. Xvi + 449 P</subfield></datafield><datafield ind1=" " ind2=" " tag="852"><subfield code="a">30726</subfield></datafield></record></collection>